<?xml version="1.0" encoding="UTF-8"?><collection xmlns="http://www.loc.gov/MARC21/slim"><record><leader>00341nam--2200121-i-4500</leader><controlfield tag="001">000046655</controlfield><controlfield tag="002">20161230</controlfield><controlfield tag="005">20161230201046</controlfield><controlfield tag="008">060222s1000------------r-----000-0-eng-d</controlfield><datafield ind1=" " ind2=" " tag="080"><subfield code="a">624.059.22</subfield></datafield><datafield ind1=" " ind2=" " tag="245"><subfield code="a">Vibratiile constructiilor si fundatiilor. nr.12. (trad.din l.rusa)</subfield></datafield><datafield ind1=" " ind2=" " tag="260"><subfield code="a">Bucuresti, Inst.De Docum.Tehnica, 1948, 224p</subfield></datafield><datafield ind1=" " ind2=" " tag="852"><subfield code="a">2330</subfield></datafield></record></collection>